<collection xmlns="http://www.loc.gov/MARC21/slim">
<record>
  <leader>01112nam0a2200253 i 450 </leader>
  <controlfield tag="001">IT\ICCU\CNCE\006639</controlfield>
  <controlfield tag="005">19970101000000.0</controlfield>
  <datafield tag="012" ind1=" " ind2=" ">
    <subfield code="a">ile* o-al nali rito (C) 1534 (Q)</subfield>
    <subfield code="2">fei</subfield>
  </datafield>
  <datafield tag="100" ind1=" " ind2=" ">
    <subfield code="a">19970101f1534        0itac0103    ba</subfield>
  </datafield>
  <datafield tag="101" ind1=" " ind2=" ">
    <subfield code="a">ITA</subfield>
  </datafield>
  <datafield tag="102" ind1=" " ind2=" ">
    <subfield code="a">IT</subfield>
  </datafield>
  <datafield tag="200" ind1="1" ind2=" ">
    <subfield code="a">Capitoli del datio della imposta che per intelligentia di contadini se hano fatto stampare</subfield>
  </datafield>
  <datafield tag="210" ind1=" " ind2=" ">
    <subfield code="a">Bononie</subfield>
    <subfield code="c">per Iustinianum Ruberien.</subfield>
    <subfield code="d">\non dopo il 1534!</subfield>
  </datafield>
  <datafield tag="215" ind1=" " ind2=" ">
    <subfield code="a">\8! c.</subfield>
    <subfield code="d">4ʻ</subfield>
  </datafield>
  <datafield tag="620" ind1=" " ind2=" ">
    <subfield code="a">IT</subfield>
    <subfield code="d">Bologna</subfield>
  </datafield>
  <datafield tag="710" ind1="0" ind2="2">
    <subfield code="a">Bologna</subfield>
    <subfield code="3">1807</subfield>
  </datafield>
  <datafield tag="712" ind1="0" ind2="2">
    <subfield code="a">Giustiniano da Rubiera</subfield>
    <subfield code="3">IT\ICCU\CNCT\000178</subfield>
    <subfield code="4">650</subfield>
  </datafield>
  <datafield tag="791" ind1="0" ind2="2">
    <subfield code="a">Iustinianus Leonardi Ruberiensis</subfield>
    <subfield code="3">IT\ICCU\CNCT\002726</subfield>
    <subfield code="z">Giustiniano da Rubiera</subfield>
  </datafield>
  <datafield tag="791" ind1="0" ind2="0">
    <subfield code="a">Rubiera, Giustiniano da</subfield>
    <subfield code="3">IT\ICCU\CNCT\003827</subfield>
    <subfield code="z">Giustiniano da Rubiera</subfield>
  </datafield>
  <datafield tag="791" ind1="0" ind2="0">
    <subfield code="a">Heriberia, Iustinianus de</subfield>
    <subfield code="3">IT\ICCU\CNCT\004942</subfield>
    <subfield code="z">Giustiniano da Rubiera</subfield>
  </datafield>
  <datafield tag="791" ind1="0" ind2="0">
    <subfield code="a">Ruberiensis, Iustinianus</subfield>
    <subfield code="3">IT\ICCU\CNCT\004943</subfield>
    <subfield code="z">Giustiniano da Rubiera</subfield>
  </datafield>
  <datafield tag="791" ind1="0" ind2="0">
    <subfield code="a">Ruberia, Iustiniano de</subfield>
    <subfield code="3">IT\ICCU\CNCT\004947</subfield>
    <subfield code="z">Giustiniano da Rubiera</subfield>
  </datafield>
  <datafield tag="801" ind1=" " ind2="3">
    <subfield code="a">IT</subfield>
    <subfield code="b">ICCU</subfield>
    <subfield code="c">20201113</subfield>
  </datafield>
  <datafield tag="899" ind1=" " ind2=" ">
    <subfield code="a">Biblioteca comunale dell&apos;Archiginnasio. Bologna</subfield>
    <subfield code="1">BO0304</subfield>
    <subfield code="2">UBO GA</subfield>
  </datafield>
</record>
</collection>
